<?xml version="1.0" encoding="UTF-8"?>
<ting:container xmlns:ting="http://www.dbc.dk/ting" xmlns:dkabm="http://biblstandard.dk/abm/namespace/dkabm/" xmlns:ac="http://biblstandard.dk/ac/namespace/" xmlns:dkdcplus="http://biblstandard.dk/abm/namespace/dkdcplus/" xmlns:oss="http://oss.dbc.dk/ns/osstypes" xmlns:dc="http://purl.org/dc/elements/1.1/" xmlns:dcterms="http://purl.org/dc/terms/" xmlns:xsi="http://www.w3.org/2001/XMLSchema-instance" xmlns:docbook="http://docbook.org/ns/docbook"><dkabm:record><ac:identifier>34292019|870971</ac:identifier><ac:source>Forfatterweb</ac:source><dc:title>Cormac McCarthy</dc:title><dc:title xsi:type="dkdcplus:full">Cormac McCarthy</dc:title><dc:title xsi:type="dkdcplus:series">Forfatterweb for voksne</dc:title><dc:creator>Anders Olling</dc:creator><dc:creator xsi:type="oss:sort">Olling, Anders</dc:creator><dc:subject xsi:type="dkdcplus:DK5">99.4 McCarthy, Cormac</dc:subject><dc:subject xsi:type="dkdcplus:DK5-Text">Biografier af enkelte personer</dc:subject><dc:subject xsi:type="dkdcplus:DBCF">Cormac McCarthy</dc:subject><dc:subject xsi:type="oss:sort">McCarthy, Cormac</dc:subject><dc:subject xsi:type="dkdcplus:DBCF">amerikansk litteratur</dc:subject><dc:subject xsi:type="dkdcplus:genre">forfatterportræt</dc:subject><dcterms:abstract>Portræt af forfatteren der beskæftiger sig med overgangene mellem modsætninger som voksenliv og barneliv, godt og ondt og fornuft og irrationalitet</dcterms:abstract><dcterms:audience>voksenmaterialer</dcterms:audience><dc:date>2010</dc:date><dc:type xsi:type="dkdcplus:BibDK-Type">Artikel</dc:type><dc:identifier xsi:type="dcterms:URI">http://www.forfatterweb.dk/forfatterweb/oversigt/zmccarthycormac00</dc:identifier><dc:language xsi:type="dcterms:ISO639-2">dan</dc:language><dc:language>Dansk</dc:language><dcterms:isPartOf>Forfatterweb, 2010</dcterms:isPartOf></dkabm:record><marcx:collection xmlns:marcx="info:lc/xmlns/marcxchange-v1"><marcx:record format="danMARC2" type="Bibliographic"><marcx:leader>00000n    2200000   4500</marcx:leader><marcx:datafield tag="001" ind1="0" ind2="0"><marcx:subfield code="a">34292019</marcx:subfield><marcx:subfield code="b">870971</marcx:subfield><marcx:subfield code="c">20110415133019</marcx:subfield><marcx:subfield code="d">20100928</marcx:subfield><marcx:subfield code="f">a</marcx:subfield></marcx:datafield><marcx:datafield tag="004" ind1="0" ind2="0"><marcx:subfield code="r">n</marcx:subfield><marcx:subfield code="a">i</marcx:subfield></marcx:datafield><marcx:datafield tag="008" ind1="0" ind2="0"><marcx:subfield code="t">a</marcx:subfield><marcx:subfield code="u">f</marcx:subfield><marcx:subfield code="a">2010</marcx:subfield><marcx:subfield code="b">dk</marcx:subfield><marcx:subfield code="d">y</marcx:subfield><marcx:subfield code="l">dan</marcx:subfield><marcx:subfield code="v">0</marcx:subfield><marcx:subfield code="r">ap</marcx:subfield></marcx:datafield><marcx:datafield tag="009" ind1="0" ind2="0"><marcx:subfield code="a">a</marcx:subfield><marcx:subfield code="g">xe</marcx:subfield></marcx:datafield><marcx:datafield tag="016" ind1="0" ind2="0"><marcx:subfield code="a">22714880</marcx:subfield></marcx:datafield><marcx:datafield tag="032" ind1="0" ind2="0"><marcx:subfield code="a">ABU201116</marcx:subfield><marcx:subfield code="x">IDA201040</marcx:subfield></marcx:datafield><marcx:datafield tag="086" ind1="0" ind2="0"><marcx:subfield code="a">Biografier af enkelte personer</marcx:subfield></marcx:datafield><marcx:datafield tag="245" ind1="0" ind2="0"><marcx:subfield code="a">Cormac McCarthy</marcx:subfield></marcx:datafield><marcx:datafield tag="440" ind1="0" ind2="0"><marcx:subfield code="a">Forfatterweb for voksne</marcx:subfield></marcx:datafield><marcx:datafield tag="504" ind1="0" ind2="0"><marcx:subfield code="a">Portræt af forfatteren der beskæftiger sig med overgangene mellem modsætninger som voksenliv og barneliv, godt og ondt og fornuft og irrationalitet</marcx:subfield></marcx:datafield><marcx:datafield tag="532" ind1="0" ind2="0"><marcx:subfield code="a">Med litteraturhenvisninger. - Med links</marcx:subfield></marcx:datafield><marcx:datafield tag="557" ind1="0" ind2="0"><marcx:subfield code="a">Forfatterweb</marcx:subfield><marcx:subfield code="j">2010</marcx:subfield><marcx:subfield code="V">2010</marcx:subfield><marcx:subfield code="v">2010</marcx:subfield></marcx:datafield><marcx:datafield tag="600" ind1="0" ind2="0"><marcx:subfield code="A">Maccarthy</marcx:subfield><marcx:subfield code="a">McCarthy</marcx:subfield><marcx:subfield code="h">Cormac</marcx:subfield></marcx:datafield><marcx:datafield tag="652" ind1="0" ind2="0"><marcx:subfield code="m">99.4</marcx:subfield><marcx:subfield code="A">Maccarthy</marcx:subfield><marcx:subfield code="a">McCarthy</marcx:subfield><marcx:subfield code="h">Cormac</marcx:subfield></marcx:datafield><marcx:datafield tag="666" ind1="0" ind2="0"><marcx:subfield code="0"></marcx:subfield><marcx:subfield code="f">amerikansk litteratur</marcx:subfield></marcx:datafield><marcx:datafield tag="700" ind1="0" ind2="0"><marcx:subfield code="a">Olling</marcx:subfield><marcx:subfield code="h">Anders</marcx:subfield></marcx:datafield><marcx:datafield tag="856" ind1="0" ind2="0"><marcx:subfield code="z">Adgangsmåde: Internet</marcx:subfield><marcx:subfield code="u">http://www.forfatterweb.dk/forfatterweb/oversigt/zmccarthycormac00</marcx:subfield><marcx:subfield code="z">Betaling eller password kræves for adgang</marcx:subfield></marcx:datafield><marcx:datafield tag="996" ind1="0" ind2="0"><marcx:subfield code="a">IDX</marcx:subfield></marcx:datafield><marcx:datafield tag="d08" ind1="0" ind2="0"><marcx:subfield code="o">atv</marcx:subfield></marcx:datafield><marcx:datafield tag="n55" ind1="0" ind2="0"><marcx:subfield code="a">20100928</marcx:subfield></marcx:datafield><marcx:datafield tag="s12" ind1="0" ind2="0"><marcx:subfield code="t">TeamBAR201039</marcx:subfield></marcx:datafield><marcx:datafield tag="z99" ind1="0" ind2="0"><marcx:subfield code="a">atv</marcx:subfield></marcx:datafield></marcx:record></marcx:collection><oss:openurl>_BASEURL_url_ctx_fmt=info:ofi/fmt:kev:mtx:ctx&amp;ctx_ver=Z39.88-2004&amp;rft_val_fmt=info:ofi/fmt:kev:mtx:journal&amp;rft.atitle=Cormac+McCarthy&amp;rft.aulast=Olling&amp;rft.aufirst=Anders&amp;rft.auinit=A&amp;rft.jtitle=Forfatterweb&amp;rft.date=2010&amp;rft.pages=&amp;rft.spage=&amp;rft.epage=&amp;rft.genre=article</oss:openurl><ln:links xmlns:ln="http://oss.dbc.dk/ns/links"><ln:link><ln:access>remote</ln:access><ln:accessType/><ln:linkTo>website</ln:linkTo><ln:relationType>dbcaddi:hasOnlineAccess</ln:relationType><ln:url>http://www.forfatterweb.dk/forfatterweb/oversigt/zmccarthycormac00</ln:url><ln:collectionIdentifier>870971-forfweb</ln:collectionIdentifier></ln:link></ln:links><adminData><creationDate>2010-09-28</creationDate><libraryType>none</libraryType><indexingAlias>danmarcxchange</indexingAlias><accessType>online</accessType><genre>nonfiktion</genre><collectionIdentifier>870971-forfweb</collectionIdentifier></adminData></ting:container>